<record><leader>00000cas a2200000 a 4500</leader><controlfield tag="001">12671342</controlfield><controlfield tag="008">851014d18941898ksuwr ne      0    0eng d</controlfield><datafield ind1=" " ind2=" " tag="010"><subfield code="a">sn 85032539 </subfield></datafield><datafield ind1=" " ind2=" " tag="040"><subfield code="a">KSH</subfield><subfield code="b">eng</subfield><subfield code="c">KSH</subfield><subfield code="d">NPT</subfield><subfield code="d">OCL</subfield><subfield code="d">OCLCQ</subfield></datafield><datafield ind1=" " ind2=" " tag="042"><subfield code="a">msc</subfield></datafield><datafield ind1="0" ind2=" " tag="130"><subfield code="a">Wichita times (Wichita, Kan. : 1894)</subfield></datafield><datafield ind1="1" ind2="0" tag="245"><subfield code="a">Wichita times.</subfield></datafield><datafield ind1=" " ind2=" " tag="260"><subfield code="a">Wichita, Kan. :</subfield><subfield code="b">J.C. Richey,</subfield><subfield code="c">1894-1898.</subfield></datafield><datafield ind1=" " ind2=" " tag="300"><subfield code="a">5 v. :</subfield><subfield code="b">ill. ;</subfield><subfield code="c">50-59 cm.</subfield></datafield><datafield ind1=" " ind2=" " tag="310"><subfield code="a">Weekly</subfield></datafield><datafield ind1="0" ind2=" " tag="362"><subfield code="a">Vol. 6, no. 22 (Apr. 14, 1894)-v. 10, no. 10 (Jan. 22, 1898).</subfield></datafield><datafield ind1="8" ind2=" " tag="521"><subfield code="a">"Livestock and Agricultural Interests."</subfield></datafield><datafield ind1=" " ind2=" " tag="752"><subfield code="a">United States</subfield><subfield code="b">Kansas</subfield><subfield code="c">Sedgwick</subfield><subfield code="d">Wichita.</subfield></datafield><datafield ind1="0" ind2="0" tag="780"><subfield code="t">Cheney herald</subfield><subfield code="w">(DLC)sn 85032429</subfield></datafield><datafield ind1="0" ind2="0" tag="785"><subfield code="t">Wichita times &amp; live stock journal</subfield><subfield code="w">(DLC)sn 85032540</subfield></datafield><datafield ind1="1" ind2=" " tag="029"><subfield code="a">AU@</subfield><subfield code="b">000022166076</subfield></datafield></record>